%% This BibTeX bibliography file was created using BibDesk.
%% http://bibdesk.sourceforge.net/

%% Saved with string encoding Unicode (UTF-8)

@inproceedings{goldschlag1996hiding,
	Author = {Goldschlag, David M and Reed, Michael G and Syverson, Paul F},
	Booktitle = {Information Hiding},
	Organization = {Springer},
	Pages = {137--150},
	Title = {Hiding routing information},
	Year = {1996}
}

@article{chaum1981untraceable,
  title={Untraceable electronic mail, return addresses, and digital pseudonyms},
  author={Chaum, David L},
  journal={Communications of the ACM},
  volume={24},
  number={2},
  pages={84--90},
  year={1981},
  publisher={ACM}
}

@article{jagerman2014fifteen,
  author    = {Jagerman, Rolf and Sab√©e, Wendo and Versluis, Laurens and de Vos, Martijn and Pouwelse (course supervisor), Johan},
  title     = {The fifteen year struggle of decentralizing privacy-enhancing technology},
  journal   = {CoRR},
  volume    = {abs/1404.4818},
  year      = {2014},
  ee        = {http://arxiv.org/abs/1404.4818}
}

@misc{freenetstatistics,
title = {Freenet Statistics},
author = {Generated by operhiem1 using pyProbe},
howpublished = {Available at http://asksteved.com/stats/}
}

@misc{aboutredecentralizeorg,
title = {About redecentralize.org},
author = {Redecentralize Project},
howpublished = {Available at http://redecentralize.org/about/}
}

@misc{ibtimes2013,
title = {Silk Road Shut Down By FBI, Owner Ross William Ulbricht, 'Dread Pirate Roberts,' Arrested},
author = {Charles Poladian},
howpublished = {Available at http://www.ibtimes.com/silk-road-shut-down-fbi-owner-ross-william-ulbricht-dread-pirate-roberts-arrested-1413966}
}