%% This BibTeX bibliography file was created using BibDesk.
%% http://bibdesk.sourceforge.net/

%% Saved with string encoding Unicode (UTF-8)

@inproceedings{goldschlag1996hiding,
	Author = {Goldschlag, David M and Reed, Michael G and Syverson, Paul F},
	Booktitle = {Information Hiding},
	Organization = {Springer},
	Pages = {137--150},
	Title = {Hiding routing information},
	Year = {1996}
}

@article{chaum1981untraceable,
  title={Untraceable electronic mail, return addresses, and digital pseudonyms},
  author={Chaum, David L},
  journal={Communications of the ACM},
  volume={24},
  number={2},
  pages={84--90},
  year={1981},
  publisher={ACM}
}

@article{jagerman2014fifteen,
  author    = {Jagerman, Rolf and Sab√©e, Wendo and Versluis, Laurens and de Vos, Martijn and Pouwelse (course supervisor), Johan},
  title     = {The fifteen year struggle of decentralizing privacy-enhancing technology},
  journal   = {CoRR},
  volume    = {abs/1404.4818},
  year      = {2014},
  ee        = {http://arxiv.org/abs/1404.4818}
}

@misc{freenetstatistics,
title = {Freenet Statistics},
author = {Generated by operhiem1 using pyProbe},
howpublished = {Available at http://asksteved.com/stats/}
}

@misc{aboutredecentralizeorg,
title = {About redecentralize.org},
author = {Redecentralize Project},
howpublished = {Available at http://redecentralize.org/about/}
}

@misc{ibtimes2013,
title = {Silk Road Shut Down By FBI, Owner Ross William Ulbricht, 'Dread Pirate Roberts,' Arrested},
author = {Charles Poladian},
howpublished = {Available at http://www.ibtimes.com/silk-road-shut-down-fbi-owner-ross-william-ulbricht-dread-pirate-roberts-arrested-1413966}
}

@article{zeilemaker2013dispersy,
  title={Dispersy Bundle Synchronization},
  author={Zeilemaker, Niels and Schoon, Boudewijn and Pouwelse, Johan and Aghbolagh, Rahim Delaviz and Zeilemaker, Niels and Pouwelse, Johan and Epema, Dick and Zeilemaker, Niels and Capota, Mihai and Bakker, Arno and others},
  journal={IFIP Networking 2013},
  volume={4820},
  pages={203--214},
  year={2013},
  publisher={TU Delft}
}

@misc{itustatistics,
  title = {{International Telecommunication Union} Statistics},
  howpublished = {\url{http://www.itu.int/en/ITU-D/Statistics/Pages/stat/default.aspx}},
  note = {Accessed: 2014-04-29}
}

@misc{forbesandroidmarket,
  title = {{Forbes} Android Dominates Market Share, But Apple Makes All The Money},
  howpublished = {\url{http://www.forbes.com/sites/tonybradley/2013/11/15/android-dominates-market-share-but-apple-makes-all-the-money/}},
  note = {Accessed: 2014-04-29}
}

@misc{openssl,
  title = {Openssl website},
  howpublished = {\url{http://www.openssl.org}},
  note = {Accessed: 2014-04-29}
}

@misc{tororbot,
  title = {{Tor Project} Tor on Android},
  howpublished = {\url{https://www.torproject.org/docs/android.html.en}},
  note = {Accessed: 2014-04-28}
}

@misc{m2crypto,
  title = {{Chandler Project} Me Too Crypto},
  howpublished = {\url{http://chandlerproject.org/Projects/MeTooCrypto}},
  note = {Accessed: 2014-04-29}
}

@misc{m2cryptogithub,
  title = {{Github} Me Too Crypto Github},
  howpublished = {\url{https://github.com/martinpaljak/M2Crypto}},
  note = {Accessed: 2014-04-29}
}

@misc{pullrequest525,
  title = {{Github} Tribler pull request \#525},
  howpublished = {\url{https://github.com/Tribler/tribler/pull/525}},
  note = {Accessed: 2014-04-29}
}

@misc{theglobalsquare,
  title = {{Roarmag} The Global Square: an online platform for our movement},
  howpublished = {\url{http://roarmag.org/2011/11/the-global-square-an-online-platform-for-our-movement/}},
  note = {Accessed: 2014-04-29}
}

@misc{theglobalsquaregithub,
  title = {{Github} The Global Square Github},
  howpublished = {\url{https://github.com/GlobalSquare}},
  note = {Accessed: 2014-04-29}
}

@misc{pyopensslgithub,
  title = {{Github} pyopenssl Github},
  howpublished = {\url{https://github.com/pyca/pyopenssl}},
  note = {Accessed: 2014-04-29}
}

@inproceedings{mclachlan2009scalable,
  title={Scalable onion routing with torsk},
  author={McLachlan, Jon and Tran, Andrew and Hopper, Nicholas and Kim, Yongdae},
  booktitle={Proceedings of the 16th ACM conference on Computer and communications security},
  pages={590--599},
  year={2009},
  organization={ACM}
}

@misc{googleplayorbot,
  title = {{Google play} Orbot: Proxy with Tor},
  howpublished = {\url{https://play.google.com/store/apps/details?id=org.torproject.android}},
  note = {Accessed: 2014-04-29}
}

@misc{googleplaywhatsapp,
  title = {{Google play}WhatsApp Messenger},
  howpublished = {\url{https://play.google.com/store/apps/details?id=com.whatsapp}},
  note = {Accessed: 2014-05-12}
}

@misc{googleplayinstagram,
  title = {{Google play}WhatsApp Instagram},
  howpublished = {\url{https://play.google.com/store/apps/details?id=com.instagram.android}},
  note = {Accessed: 2014-05-12}
}

@article{leiner1997past,
  title={The past and future history of the Internet},
  author={Leiner, Barry M and Cerf, Vinton G and Clark, David D and Kahn, Robert E and Kleinrock, Leonard and Lynch, Daniel C and Postel, Jon and Roberts, Lawrence G and Wolff, Stephen S},
  journal={Communications of the ACM},
  volume={40},
  number={2},
  pages={102--108},
  year={1997},
  publisher={ACM}
}

